
@misc{wikism,
    author="Wikipedia",
    title="Skeptical Movement",
    url = "https://en.wikipedia.org/wiki/Skeptical_movement",
    year = "2016",
    month = "December"
}
@misc{wikinwo,
    author="Wikipedia",
    title = "New World Order",
    url = "https://en.wikipedia.org/wiki/New_World_Order_(conspiracy_theory)",
    year = "2016",
    month = "December"
}
@misc{blogfe,
    author="Daimonie",
    title="200 reasons why",
    url = "http://blog.daimonie.com/2015/11/200-reasons-why-flat-earthers-are.html",
    year = "2015",
    month = "November"
}
@misc{2,
    author="Wikipedia",
    title="New world order 2",
    url = "https://en.wikipedia.org/wiki/New_World_Order_(conspiracy_theory)",
    year = "2016",
    month = "December"
}
@article{citetest,
    author = "Ke Liu and Jaakko Nissinen and Josko de Boer and Robert-Jan Slager and Jan Zaanen",
    title="Hierarchy of orientational phases and axial anisotropies in the gauge theoretical description of generalized nematics",
    journal="Phys. Rev. E. (submitted)", 
    note="arXiv:1606.04507",
    year="2016",
    month="June"
}
@misc{crediblehulk,
    author = "The Credible Hulk",
    title = "TheCredibleHulk.org",
    year = "2017",
    month = "January",
    url=  "http://www.crediblehulk.org/"
}
@misc{philosophers,
author="Wikipedia",
url="https://en.wikipedia.org/wiki/List_of_ancient_Greek_philosophers",
year = "2017",
month = "February"
}
@misc{historyscientificmethod,
author="Wikipedia",
url="https://en.wikipedia.org/wiki/History_of_scientific_method",
year = "2017",
month = "February"
}
@misc{shape,
author="Wikipedia",
url="http://en.wikipedia.org/wiki/Shape_of_the_universe",
year = "2017",
month = "February"
}
@article{naturetransitiondisc,
author={Zhu, Zhaohuan},
title={Astrophysics: Growing planet brought to light},
journal={Nature},
volume={527},
number={7578},   
year={2015},
month={Nov},  
url={http://dx.doi.org/10.1038/527310a}
}

